@article{Buttazzo2006,
  doi = {10.1145/1164050.1164052},
  url = {https://doi.org/10.1145/1164050.1164052},
  year = {2006},
  month = jul,
  publisher = {Association for Computing Machinery ({ACM})},
  volume = {3},
  number = {3},
  pages = {1--10},
  author = {Giorgio Buttazzo},
  title = {Research trends in real-time computing for embedded systems},
  journal = {{ACM} {SIGBED} Review}
}

@article{Shin1994,
  doi = {10.1109/5.259423},
  url = {https://doi.org/10.1109/5.259423},
  year = {1994},
  publisher = {Institute of Electrical and Electronics Engineers ({IEEE})},
  volume = {82},
  number = {1},
  pages = {6--24},
  author = {K.G. Shin and P. Ramanathan},
  title = {Real-time computing: a new discipline of computer science and engineering},
  journal = {Proceedings of the {IEEE}}
}

@article{Kaučić2023,
  doi = {},
  url = {},
  year = {2023},
  publisher = {Institute of Electrical and Electronics Engineers ({IEEE})},
  volume = {},
  number = {},
  pages = {},
  author = {L. Kaučić and I. Kovačević and I. Aleksi and T. Keser and J. Zidar and S. Rimac Drlje},
  title = {A low-cost buoyant force measurement device for monitoring sugar concentration in water solution},
  journal = {International Conference on Electrical, Computer, Communications and Mechatronics Engineering},
  note = {Approved for publishing}
}

@article{Ye2021,
  doi = {10.1177/09596518211056119},
  url = {https://doi.org/10.1177/09596518211056119},
  year = {2021},
  month = dec,
  publisher = {{SAGE} Publications},
  volume = {236},
  number = {4},
  pages = {671--682},
  author = {Qing Ye and Gao Chaojun and Ruochen Wang and Chi Zhang and Yinfeng Cai},
  title = {Stability analysis of the anti-lock braking system with time delay},
  journal = {Proceedings of the Institution of Mechanical Engineers,  Part I: Journal of Systems and Control Engineering}
}

@inproceedings{Abella2015,
  doi = {10.1109/sies.2015.7185039},
  url = {https://doi.org/10.1109/sies.2015.7185039},
  year = {2015},
  month = jun,
  publisher = {{IEEE}},
  author = {Jaume Abella and Carles Hernandez and Eduardo Quinones and Francisco J. Cazorla and Philippa Ryan Conmy and Mikel Azkarate-askasua and Jon Perez and Enrico Mezzetti and Tullio Vardanega},
  title = {{WCET} analysis methods: Pitfalls and challenges on their trustworthiness},
  booktitle = {10th {IEEE} International Symposium on Industrial Embedded Systems ({SIES})}
}

@book{Kopetz2011,
  doi = {10.1007/978-1-4419-8237-7},
  url = {https://doi.org/10.1007/978-1-4419-8237-7},
  year = {2011},
  publisher = {Springer {US}},
  author = {Hermann Kopetz},
  title = {Real-Time Systems}
}

@article{Verssimo1994,
  doi = {10.1007/bf01088801},
  url = {https://doi.org/10.1007/bf01088801},
  year = {1994},
  month = sep,
  publisher = {Springer Science and Business Media {LLC}},
  volume = {7},
  number = {2},
  pages = {105--128},
  author = {Paulo Verssimo},
  title = {Ordering and timeliness requirements of dependable real-time programs},
  journal = {Real-Time Systems}
}